@inproceedings{Huang:2015:NPM:2886521.2886655,
 author = {Huang, Wenyi and Wu, Zhaohui and Liang, Chen and Mitra, Prasenjit and Giles, C. Lee},
 title = {A Neural Probabilistic Model for Context Based Citation Recommendation},
 booktitle = {Proceedings of the Twenty-Ninth AAAI Conference on Artificial Intelligence},
 series = {AAAI'15},
 year = {2015},
 isbn = {0-262-51129-0},
 location = {Austin, Texas},
 pages = {2404--2410},
 numpages = {7},
 url = {http://dl.acm.org/citation.cfm?id=2886521.2886655},
 acmid = {2886655},
 publisher = {AAAI Press},
}
@inproceedings{Bethard:2010:ICL:1871437.1871517,
 author = {Bethard, Steven and Jurafsky, Dan},
 title = {Who Should I Cite: Learning Literature Search Models from Citation Behavior},
 booktitle = {Proceedings of the 19th ACM International Conference on Information and Knowledge Management},
 series = {CIKM '10},
 year = {2010},
 isbn = {978-1-4503-0099-5},
 location = {Toronto, ON, Canada},
 pages = {609--618},
 numpages = {10},
 url = {http://doi.acm.org/10.1145/1871437.1871517},
 doi = {10.1145/1871437.1871517},
 acmid = {1871517},
 publisher = {ACM},
 address = {New York, NY, USA},
 keywords = {author behavior, citation patterns, literature search, retrieval models, topic models},
}

@inproceedings{mikolov2013distributed,
  title={Distributed representations of words and phrases and their compositionality},
  author={Mikolov, Tomas and Sutskever, Ilya and Chen, Kai and Corrado, Greg S and Dean, Jeff},
  booktitle={Advances in neural information processing systems},
  pages={3111--3119},
  year={2013}
}

@inproceedings{gutmann2010noise,
  title={Noise-contrastive estimation: A new estimation principle for unnormalized statistical models.},
  author={Gutmann, Michael and Hyv{\"a}rinen, Aapo},
  booktitle={AISTATS},
  pages={6},
  year={2010}
}

@inproceedings{ren2014cluscite,
  title={Cluscite: Effective citation recommendation by information network-based clustering},
  author={Ren, Xiang and Liu, Jialu and Yu, Xiao and Khandelwal, Urvashi and Gu, Quanquan and Wang, Lidan and Han, Jiawei},
  booktitle={Proceedings of the 20th ACM SIGKDD international conference on Knowledge discovery and data mining},
  pages={821--830},
  year={2014},
  organization={ACM}
}
